
@article{WaveGLOW,

	author    = {Ryan Prenger and

	Rafael Valle and

	Bryan Catanzaro},

	title     = {WaveGlow: {A} Flow-based Generative Network for Speech Synthesis},

	journal   = {CoRR},

	volume    = {abs/1811.00002},

	year      = {2018},

	url       = {http://arxiv.org/abs/1811.00002},

	archivePrefix = {arXiv},

	eprint    = {1811.00002},

	timestamp = {Thu, 22 Nov 2018 17:58:30 +0100},

	biburl    = {https://dblp.org/rec/bib/journals/corr/abs-1811-00002},

	bibsource = {dblp computer science bibliography, https://dblp.org}

}

@misc{melgan,

	title={MelGAN: Generative Adversarial Networks for Conditional Waveform Synthesis},

	author={Kundan Kumar and Rithesh Kumar and Thibault de Boissiere and Lucas Gestin and Wei Zhen Teoh and Jose Sotelo and Alexandre de Brebisson and Yoshua Bengio and Aaron Courville},

	year={2019},

	eprint={1910.06711},

	archivePrefix={arXiv},

	primaryClass={eess.AS}

}

@misc{nice,

	title={NICE: Non-linear Independent Components Estimation},

	author={Laurent Dinh and David Krueger and Yoshua Bengio},

	year={2014},

	eprint={1410.8516},

	archivePrefix={arXiv},

	primaryClass={cs.LG}

}

@misc{inglaterra,
	title={https://librivox.org/cartas-de-inglaterra-by-jose-maria-de-eca-de-queiros/},
	author={Cartas de Inglaterra, Eça de Queirós}}

@misc{contos,
	title={https://librivox.org/contos-by-jose-maria-de-eca-de-queiros/},
	author={Contos, Eça de Queirós}}

@misc{defunto,
	title={https://librivox.org/o-defunto-by-jose-maria-de-eca-de-queiros/},
	author={O defunto, Eça de Queirós}}

@misc{ljspeech,
	title={https://keithito.com/LJ-Speech-Dataset/},
	author={LJSPEECH}}

 
 
@misc{reliquia,
title={https://librivox.org/a-reliquia-by-jose-maria-de-eca-de-queiros/},
author={A Reliquia}}

@misc{reliquia-text,
	title={https://www.gutenberg.org/wiki/PT\_Principal},
	author={A Reliquia(texto)}}

@misc{librivox,
	title={https://librivox.org/},
	author={LibriVox}}

@misc{gutenberg,
	title={https://www.gutenberg.org/wiki/PT\_Principal},
	author={Projeto Gutenberg}}
 

@misc{glow,

	title={Glow: Generative Flow with Invertible 1x1 Convolutions},

	author={Diederik P. Kingma and Prafulla Dhariwal},

	year={2018},

	eprint={1807.03039},

	archivePrefix={arXiv},

	primaryClass={stat.ML}

}

@article{wavenet,

	author    = {A{\"{a}}ron van den Oord and

	Sander Dieleman and

	Heiga Zen and

	Karen Simonyan and

	Oriol Vinyals and

	Alex Graves and

	Nal Kalchbrenner and

	Andrew W. Senior and

	Koray Kavukcuoglu},

	title     = {WaveNet: {A} Generative Model for Raw Audio},

	journal   = {CoRR},

	volume    = {abs/1609.03499},

	year      = {2016},

	url       = {http://arxiv.org/abs/1609.03499},

	archivePrefix = {arXiv},

	eprint    = {1609.03499},

	timestamp = {Mon, 13 Aug 2018 16:49:15 +0200},

	biburl    = {https://dblp.org/rec/bib/journals/corr/OordDZSVGKSK16},

	bibsource = {dblp computer science bibliography, https://dblp.org}

}

@misc{wavernn,

	title={Efficient Neural Audio Synthesis},

	author={Nal Kalchbrenner and Erich Elsen and Karen Simonyan and Seb Noury and Norman Casagrande and Edward Lockhart and Florian Stimberg and Aaron van den Oord and Sander Dieleman and Koray Kavukcuoglu},

	year={2018},

	eprint={1802.08435},

	archivePrefix={arXiv},

	primaryClass={cs.SD}

}

@inproceedings{griffin,

	title={Signal estimation from modified short-time Fourier transform},

	author={Daniel W. Griffin and Jae S. Lim},

	booktitle={ICASSP},

	year={1983}

}

@misc{parallelwavenet,

	title={Parallel WaveNet: Fast High-Fidelity Speech Synthesis},

	author={Aaron van den Oord and Yazhe Li and Igor Babuschkin and Karen Simonyan and Oriol Vinyals and Koray Kavukcuoglu and George van den Driessche and Edward Lockhart and Luis C. Cobo and Florian Stimberg and Norman Casagrande and Dominik Grewe and Seb Noury and Sander Dieleman and Erich Elsen and Nal Kalchbrenner and Heiga Zen and Alex Graves and Helen King and Tom Walters and Dan Belov and Demis Hassabis},

	year={2017},

	eprint={1711.10433},

	archivePrefix={arXiv},

	primaryClass={cs.LG}

}

@misc{clarinet,

	title={ClariNet: Parallel Wave Generation in End-to-End Text-to-Speech},

	author={Wei Ping and Kainan Peng and Jitong Chen},

	year={2018},

	eprint={1807.07281},

	archivePrefix={arXiv},

	primaryClass={cs.CL}

}

@article{WORLD,

	title={WORLD: A Vocoder-Based High-Quality Speech Synthesis System for Real-Time Applications},

	author={Masanori Morise and Fumiya Yokomori and Kenji Ozawa},

	journal={IEICE Transactions},

	year={2016},

	volume={99-D},

	pages={1877-1884}

}

@article{tacotron2,

	title={Natural TTS Synthesis by Conditioning Wavenet on MEL Spectrogram Predictions},

	ISBN={9781538646588},

	url={http://dx.doi.org/10.1109/ICASSP.2018.8461368},

	DOI={10.1109/icassp.2018.8461368},

	journal={2018 IEEE International Conference on Acoustics, Speech and Signal Processing (ICASSP)},

	publisher={IEEE},

	author={Shen, Jonathan and Pang, Ruoming and Weiss, Ron J. and Schuster, Mike and Jaitly, Navdeep and Yang, Zongheng and Chen, Zhifeng and Zhang, Yu and Wang, Yuxuan and Skerrv-Ryan, Rj and et al.},

	year={2018},

	month={Apr}

}


@article{checkerboard-artifacts,

	author = {Odena, Augustus and Dumoulin, Vincent and Olah, Chris},

	title = {Deconvolution and Checkerboard Artifacts},

	journal = {Distill},

	year = {2016},

	url = {http://distill.pub/2016/deconv-checkerboard},

	doi = {10.23915/distill.00003}

}

@misc{weightnorm,

	title={Weight Normalization: A Simple Reparameterization to Accelerate Training of Deep Neural Networks},

	author={Tim Salimans and Diederik P. Kingma},

	year={2016},

	eprint={1602.07868},

	archivePrefix={arXiv},

	primaryClass={cs.LG}

}

@article{architecture,

	title={High-Resolution Image Synthesis and Semantic Manipulation with Conditional GANs},

	ISBN={9781538664209},

	url={http://dx.doi.org/10.1109/CVPR.2018.00917},

	DOI={10.1109/cvpr.2018.00917},

	journal={2018 IEEE/CVF Conference on Computer Vision and Pattern Recognition},

	publisher={IEEE},

	author={Wang, Ting-Chun and Liu, Ming-Yu and Zhu, Jun-Yan and Tao, Andrew and Kautz, Jan and Catanzaro, Bryan},

	year={2018},

	month={Jun}

}


@misc{generatorloss1,

	title={Geometric GAN},

	author={Jae Hyun Lim and Jong Chul Ye},

	year={2017},

	eprint={1705.02894},

	archivePrefix={arXiv},

	primaryClass={stat.ML}

}

@misc{generatorloss2,

	title={Spectral Normalization for Generative Adversarial Networks},

	author={Takeru Miyato and Toshiki Kataoka and Masanori Koyama and Yuichi Yoshida},

	year={2018},

	eprint={1802.05957},

	archivePrefix={arXiv},

	primaryClass={cs.LG}

}

@misc{feature-matching,

	title={Autoencoding beyond pixels using a learned similarity metric},

	author={Anders Boesen Lindbo Larsen and Søren Kaae Sønderby and Hugo Larochelle and Ole Winther},

	year={2015},

	eprint={1512.09300},

	archivePrefix={arXiv},

	primaryClass={cs.LG}

}

@incollection{gan,
	title = {Generative Adversarial Nets},
	author = {Goodfellow, Ian and Pouget-Abadie, Jean and Mirza, Mehdi and Xu, Bing and Warde-Farley, David and Ozair, Sherjil and Courville, Aaron and Bengio, Yoshua},
	booktitle = {Advances in Neural Information Processing Systems 27},
	editor = {Z. Ghahramani and M. Welling and C. Cortes and N. D. Lawrence and K. Q. Weinberger},
	pages = {2672--2680},
	year = {2014},
	publisher = {Curran Associates, Inc.},
	url = {http://papers.nips.cc/paper/5423-generative-adversarial-nets.pdf}
}

@misc{VAE,

	title={Auto-Encoding Variational Bayes},

	author={Diederik P Kingma and Max Welling},

	year={2013},

	eprint={1312.6114},

	archivePrefix={arXiv},

	primaryClass={stat.ML}

}

@misc{Bengio,

	title={Better Mixing via Deep Representations},

	author={Yoshua Bengio and Grégoire Mesnil and Yann Dauphin and Salah Rifai},

	year={2012},

	eprint={1207.4404},

	archivePrefix={arXiv},

	primaryClass={cs.LG}

}